<?xml version="1.0" encoding="UTF-8"?><collection xmlns="http://www.loc.gov/MARC21/slim"><record><leader>00398nam--2200169-i-4500</leader><controlfield tag="001">000003064</controlfield><controlfield tag="002">20161230</controlfield><controlfield tag="005">20170210212224</controlfield><controlfield tag="008">060222s1000------------r-----000-0-eng-d</controlfield><datafield ind1=" " ind2=" " tag="080"><subfield code="a">512.8</subfield></datafield><datafield ind1=" " ind2=" " tag="100"><subfield code="a">Bargmann, W</subfield></datafield><datafield ind1=" " ind2=" " tag="245"><subfield code="a">Solution of linear systems of high order</subfield></datafield><datafield ind1=" " ind2=" " tag="260"><subfield code="a">F.L</subfield><subfield code="b">F.Ed</subfield></datafield><datafield ind1=" " ind2=" " tag="300"><subfield code="a">86 p.Lito</subfield></datafield><datafield ind1=" " ind2=" " tag="700"><subfield code="a">Montgomery, D</subfield></datafield><datafield ind1=" " ind2=" " tag="852"><subfield code="a">12049</subfield></datafield><datafield ind1=" " ind2=" " tag="CAT"><subfield code="a">SYS</subfield><subfield code="c">20170210</subfield><subfield code="h">212224</subfield></datafield></record></collection>